@article{McInnes1994,
author = {R. McInnes, Colin},
year = {1994},
month = {06},
pages = {875-877},
title = {Large angle slew maneuvers with autonomous sun vector avoidance},
volume = {17},
journal = {Journal of Guidance Control Dynamics},
doi = {10.2514/3.21283}
}

@inproceedings{Spindler1998,
       author = {{Spindler}, Karlheinz},
        title = "{New Methods in On-Board Attitude Control}",
    booktitle = {Spaceflight Dynamics 1998, Volume 100 Part 1, Advances in Astronautical Sciences},
         year = "1998",
       editor = {{Stengle}, Thomas H.},
       volume = {100},
        month = "Jan",
        pages = {111},
       url = {https://ui.adsabs.harvard.edu/abs/1998spdy.conf..111S},
      adsnote = {Provided by the SAO/NASA Astrophysics Data System}
}
@article{Hablani1998,
author = {Hablani, Hari B.},
doi = {10.2514/2.4469},
issn = {00653438},
journal = {Advances in the Astronautical Sciences},
title = {Attitude commands avoiding bright objects and maintaining communication with ground station},
year = {1998}
}

@article{Biggs2016,
author = {Biggs, James D. and Colley, Lucy},
doi = {10.2514/1.G001514},
issn = {0731-5090},
journal = {Journal of Guidance, Control, and Dynamics},
title = {Geometric Attitude Motion Planning for Spacecraft with Pointing and Actuator Constraints},
year = {2016}
}

@inbook{Frazzoli01,
author = {E. Feron and M. Dahleh and E. Frazzoli and R. Kornfeld},
title = {A randomized attitude slew planning algorithm for autonomous spacecraft},
booktitle = {AIAA Guidance, Navigation, and Control Conference and Exhibit},
chapter = {},
pages = {},
doi = {10.2514/6.2001-4155},
eprint = {https://arc.aiaa.org/doi/pdf/10.2514/6.2001-4155}
}
@article{Spiller2016,
author = {Spiller, Dario and Ansalone, Luigi and Curti, Fabio},
doi = {10.2514/1.G001228},
issn = {0731-5090},
journal = {Journal of Guidance, Control, and Dynamics},
title = {Particle Swarm Optimization for Time-Optimal Spacecraft Reorientation with Keep-Out Cones},
year = {2016}
}
@article{Kornfeld2003,
	author = {Kornfeld, Richard},
	doi = {doi:10.2514/6.2003-5784},
	isbn = {9781563479786},
	issn = {09168508 17451337},
	journal = {AIAA Guidance, Navigation, and Control Conference},
	title = {{On-board Autonomous Attitude Maneuver Planning for Planetary Spacecraft Using Genetic Algorithms}},
	year = {2003}
	}

@article{Kim2004,
author = {Kim, Yoonsoo and Mesbahi, Mehran},
doi = {10.1109/TAC.2004.825959},
issn = {00189286},
journal = {IEEE Transactions on Automatic Control},
keywords = {Attitude control,Convex optimization,Semidefinite programming,State constrained control},
title = {Quadratically constrained attitude control via semidefinite programming},
year = {2004}
}
@article{Kim2010,
author = {Kim, Yoonsoo and Mesbahi, Mehran and Singh, Gurkirpal and Hadaegh, Fred Y.},
doi = {10.1109/TAES.2010.5545176},
issn = {00189251},
journal = {IEEE Transactions on Aerospace and Electronic Systems},
title = {On the convex parameterization of constrained spacecraft reorientation},
year = {2010}
}
@inbook{Sun2015,
author = {Chuangchuang Sun and Ran Dai},
title = {Spacecraft Attitude Control under Constrained Zones via Quadratically Constrained Quadratic Programming},
booktitle = {AIAA Guidance, Navigation, and Control Conference},
doi = {10.2514/6.2015-2010},
eprint = {https://arc.aiaa.org/doi/pdf/10.2514/6.2015-2010}
}

@article{Lee2014,
author = {Lee, Unsik and Mesbahi, Mehran},
year = {2014},
month = {01},
pages = {1995-2010},
title = {Quaternion based optimal spacecraft reorientation under complex attitude constrained zones},
volume = {150},
journal = {Advances in the Astronautical Sciences}
}

@article{Ramos2018,
annote = {doi: 10.2514/1.G002873},
author = {{Diaz Ramos}, Manuel and Schaub, Hanspeter},
doi = {10.2514/1.G002873},
issn = {0731-5090},
journal = {Journal of Guidance, Control, and Dynamics},
month = {July},
number = {9},
pages = {1990--2001},
publisher = {American Institute of Aeronautics and Astronautics},
title = {Kinematic Steering Law for Conically Constrained Torque-Limited Spacecraft Attitude Control},
volume = {41},
year = {2018}
}

 @book{Wertz2011,
  title={Spacecraft Attitude Determination and Control},
  author={Ed. by Wertz, James R.},
  isbn={9789027709592},
  lccn={78023657},
  series={Astrophysics and Space Science Library},
  year={1978},
  publisher={Springer Netherlands},
chapter={Appendix A},
pages={727-736}
}


